@inbook{Luo_Picalausa_Fletcher_Hidders_Vansummeren_2012,
  series = {Data-Centric Systems and Applications},
  title = {{Storing and Indexing Massive RDF Datasets}},
  isbn = {978-3-642-25007-1},
  url = {http://dx.doi.org/10.1007/978-3-642-25008-8_2},
  doi = {10.1007/978-3-642-25008-8_2},
  booktitle = {Semantic Search over the Web SE - 2},
  publisher = {Springer Berlin Heidelberg},
  author = {Luo, Yongming and Picalausa, François and Fletcher, GeorgeH.L. and Hidders, Jan and Vansummeren, Stijn},
  editor = {De Virgilio, Roberto and Guerra, Francesco and Velegrakis, YannisEditors},
  year = {2012},
  pages = {31–60},
  collection = {Data-Centric Systems and Applications},
}
